<?xml version="1.0" encoding="UTF-8"?><collection xmlns="http://www.loc.gov/MARC21/slim"><record><leader>00483nam--2200181-i-4500</leader><controlfield tag="001">000025010</controlfield><controlfield tag="002">20161230</controlfield><controlfield tag="005">20161230201035</controlfield><controlfield tag="008">060222s1000------------r-----000-0-rum-d</controlfield><datafield ind1=" " ind2=" " tag="040"><subfield code="a">IFIN-HH</subfield></datafield><datafield ind1=" " ind2=" " tag="041"><subfield code="a">rum</subfield></datafield><datafield ind1=" " ind2=" " tag="080"><subfield code="a">534(061.3)</subfield></datafield><datafield ind1="1" ind2=" " tag="110"><subfield code="a">Comisia de acustica</subfield></datafield><datafield ind1="1" ind2="0" tag="245"><subfield code="a">Sesiunea de comunicari stiintifice de acustica</subfield><subfield code="b">Caietul 24, Bucuresti 18-19 octombrie 1994</subfield></datafield><datafield ind1=" " ind2=" " tag="260"><subfield code="a">Bucuresti, 1994,</subfield></datafield><datafield ind1=" " ind2=" " tag="300"><subfield code="a">196 P</subfield></datafield><datafield ind1=" " ind2=" " tag="852"><subfield code="a">80294</subfield><subfield code="c">534</subfield></datafield><datafield ind1=" " ind2=" " tag="CAT"><subfield code="a">Sys</subfield><subfield code="c">20101013</subfield><subfield code="h">155203</subfield></datafield></record></collection>